<?xml version="1.0" encoding="UTF-8"?><collection xmlns="http://www.loc.gov/MARC21/slim"><record><leader>00482nam--2200193-u-4500</leader><controlfield tag="001">000052747</controlfield><controlfield tag="002">20161230</controlfield><controlfield tag="005">20161230201050</controlfield><controlfield tag="008">101012s1000------------r-----000-0-rus-d</controlfield><datafield ind1=" " ind2=" " tag="040"><subfield code="a">IFIN-HH</subfield></datafield><datafield ind1=" " ind2=" " tag="041"><subfield code="a">rus</subfield></datafield><datafield ind1=" " ind2=" " tag="080"><subfield code="a">534</subfield></datafield><datafield ind1="1" ind2=" " tag="100"><subfield code="a">Zarembo, L.K</subfield></datafield><datafield ind1="1" ind2="0" tag="245"><subfield code="a">Nelineinaia akustika</subfield><subfield code="c">L.K. Zarembo, V.I. Timosenko</subfield></datafield><datafield ind1=" " ind2=" " tag="260"><subfield code="a">Moskva</subfield><subfield code="b">Moskovskogo Universiteta</subfield><subfield code="c">1984</subfield></datafield><datafield ind1=" " ind2=" " tag="300"><subfield code="a">104 p</subfield></datafield><datafield ind1="1" ind2=" " tag="700"><subfield code="a">Timosenko, V.I</subfield></datafield><datafield ind1=" " ind2=" " tag="852"><subfield code="a">71815</subfield><subfield code="c">534</subfield></datafield><datafield ind1=" " ind2=" " tag="CAT"><subfield code="a">Sys</subfield><subfield code="c">20101012</subfield><subfield code="h">141322</subfield></datafield></record></collection>